<?xml version="1.0" encoding="UTF-8"?><collection xmlns="http://www.loc.gov/MARC21/slim"><record><leader>00556nam--2200205-u-4500</leader><controlfield tag="001">000056123</controlfield><controlfield tag="002">20161230</controlfield><controlfield tag="005">20161230201052</controlfield><controlfield tag="008">141210s1000------------r-----000-0-rus-d</controlfield><datafield ind1=" " ind2=" " tag="040"><subfield code="a">IFIN-HH</subfield></datafield><datafield ind1=" " ind2=" " tag="041"><subfield code="a">rus</subfield></datafield><datafield ind1=" " ind2=" " tag="080"><subfield code="a">621.396.96</subfield></datafield><datafield ind1="1" ind2=" " tag="100"><subfield code="a">Karavaev, V.V</subfield></datafield><datafield ind1="1" ind2="0" tag="245"><subfield code="a">Statisticeskaia teoria passivnoi lokatii</subfield><subfield code="c">V.v. karavaev, v.v. sazonov</subfield></datafield><datafield ind1=" " ind2=" " tag="260"><subfield code="a">Moskva</subfield><subfield code="b">Radio I Sviazi</subfield><subfield code="c">1987</subfield></datafield><datafield ind1=" " ind2=" " tag="300"><subfield code="a">237P</subfield></datafield><datafield ind1=" " ind2=" " tag="490"><subfield code="a">Statisticeskaia Teoria Sviazi Vipusk 27</subfield></datafield><datafield ind1="1" ind2=" " tag="700"><subfield code="a">Sazonov, V.V</subfield></datafield><datafield ind1=" " ind2=" " tag="852"><subfield code="a">74534</subfield><subfield code="c">523.164</subfield></datafield><datafield ind1=" " ind2=" " tag="CAT"><subfield code="a">Sys</subfield><subfield code="c">20141210</subfield><subfield code="h">183329</subfield></datafield></record></collection>